@ARTICLE{2011ApJ...733...10R,
       author = {{Richards}, Joseph W. and {Starr}, Dan L. and {Butler}, Nathaniel R. and {Bloom}, Joshua S. and {Brewer}, John M. and {Crellin-Quick}, Arien and {Higgins}, Justin and {Kennedy}, Rachel and {Rischard}, Maxime},
        title = "{On Machine-learned Classification of Variable Stars with Sparse and Noisy Time-series Data}",
      journal = {\apj},
     keywords = {methods: data analysis, methods: statistical, stars: variables: general, techniques: photometric, Astrophysics - Instrumentation and Methods for Astrophysics, Statistics - Applications},
         year = 2011,
        month = may,
       volume = {733},
       number = {1},
          eid = {10},
        pages = {10},
          doi = {10.1088/0004-637X/733/1/10},
archivePrefix = {arXiv},
       eprint = {1101.1959},
 primaryClass = {astro-ph.IM},
       adsurl = {https://ui.adsabs.harvard.edu/abs/2011ApJ...733...10R},
      adsnote = {Provided by the SAO/NASA Astrophysics Data System}
}

